4725 3533
445 4238 198 -10 D,L
538 3223 112 1005 incorporation
624 3069 27 1159 .
623 2971 26 1257 .

950 4356 29 5 of
953 4304 28 57 a
936 4003 48 358 Methodist
940 3784 46 577 College
941 3714 45 647 in
942 3470 46 891 Georgia
960 3339 29 1022 was
960 3038 31 1323 authorized
946 2960 44 1401 in
951 2796 39 1565 1836
944 2705 60 1656 by
960 2585 33 1776 the
949 2423 44 1938 State

1029 4117 32 248 conference
1016 4047 46 318 in
1034 3848 29 517 session
1036 3757 27 608 at
1020 3429 56 936 Columbus,
1022 3176 44 1189 Georgia.
1023 2818 57 1547 Immediately
1038 2573 33 1792 trustees
1043 2423 29 1942 were

1107 4151 31 214 appointed
1107 4070 33 295 to
1112 3892 28 473 select
1112 3843 29 522 a
1114 3613 30 752 suitable
1116 3450 29 915 place
1097 3339 49 1026 for
1112 3229 32 1136 the
1101 2893 45 1472 institution.
1102 2709 44 1656 After
1120 2539 28 1826 much
1105 2421 33 1944 in¬

1185 4091 41 268 vestigation,
1184 3997 35 362 the
1170 3769 50 590 location
1193 3679 27 680 of
1176 3462 47 897 Oxford
1195 3331 28 1028 was
1194 3109 28 1250 chosen.
1176 2924 56 1435 Thus,
1197 2797 28 1562 with
1193 2683 32 1676 the
1198 2426 29 1933 purchase

1263 4356 28 5 of
1245 4105 49 256 fourteen
1246 3850 52 511 hundred
1270 3656 38 705 acres,
1266 3557 34 804 the
1271 3267 29 1094 enterprise
1273 3136 28 1225 was
1253 2922 48 1439 begun.

1349 4204 45 5 At
1363 4102 32 107 the
1367 3812 30 397 suggestion
1368 3722 30 487 of
1353 3594 46 615 Dr.
1354 3362 46 847 Ignatius
1356 3268 45 941 A.
1356 3118 54 1091 Few,
1368 3026 33 1183 the
1353 2876 49 1333 little
1370 2724 32 1485 town
1375 2589 28 1620 was
1377 2436 27 1773 given

1437 4330 35 39 the
1443 4137 30 232 classic
1445 3959 29 410 name
1446 3869 28 500 of
1430 3643 46 726 Oxford
1432 3562 44 807 in
1428 3363 50 1006 honor
1451 3274 27 1095 of
1445 3159 34 1210 the
1451 2988 27 1381 great
1434 2770 46 1599 English
1436 2416 45 1953 University.

1500 4307 50 38 The
1521 4128 30 217 name
1505 3916 59 429 Emory
1524 3771 28 574 was
1525 3604 27 741 given
1522 3476 34 869 the
1526 3260 30 1085 college
1527 3172 29 1173 as
1529 3115 28 1230 a
1523 2893 35 1452 tribute
1525 2809 33 1536 to
1526 2687 32 1658 the
1532 2435 40 1910 memory

1597 4355 28 7 of
1582 4160 58 202 Bishop
1584 4005 44 357 John
1584 3758 57 604 Emory,
1603 3636 28 726 who
1604 3502 27 860 was
1585 3343 49 1019 killed
1605 3283 28 1079 a
1586 3177 49 1185 few
1606 2989 27 1373 years
1606 2833 28 1529 prior
1601 2758 34 1604 to
1603 2643 34 1719 the
1589 2426 37 1936 found¬

1658 4336 59 41 ing
1677 4243 28 134 of
1672 4131 34 246 the
1677 3923 30 454 college
1663 3852 44 525 in
1679 3760 29 617 an
1682 3394 29 983 unfortunate
1682 3151 30 1226 carriage
1683 2869 29 1508 accident.

1759 4233 45 4 In
1765 4064 40 173 1838
1774 3947 33 290 the
1759 3800 48 437 first
1780 3545 28 692 students
1781 3395 29 842 were
1782 3131 29 1106 admitted
1779 3044 32 1193 to
1766 2835 57 1402 Emory
1768 2572 44 1665 College.
1767 2430 47 1807 The

1852 4234 30 132 college
1849 4096 33 270 then
1854 3827 30 539 consisted
1856 3735 28 631 of
1853 3610 34 756 two
1838 3331 49 1035 buildings
1843 3268 43 1098 in
1860 3205 29 1161 a
1856 3047 31 1319 town
1860 2896 28 1470 with
1860 2834 28 1532 a
1861 2526 29 1840 population
1864 2430 27 1936 of

1911 4329 48 51 less
1928 4185 32 195 than
1933 3779 28 601 seventy-five.

2013 4090 59 122 During
2027 3981 34 231 the
2033 3574 28 638 administration
2033 3485 29 727 of
2017 3361 45 851 Dr.
2019 3275 44 937 A.
2019 3190 44 1022 G.
2020 2906 54 1306 Haygood,
2032 2812 34 1400 the
2038 2611 30 1601 college
2020 2442 47 1770 began

2104 4370 32 4 to
2103 4224 34 150 take
2109 4171 29 203 a
2110 4055 28 319 new
2090 3889 47 485 life.
2094 3747 44 627 Mr.
2094 3543 44 831 George
2095 3462 44 912 I.
2096 3303 56 1071 Seney
2113 3209 27 1165 of
2097 2905 55 1469 Brooklyn,
2098 2782 45 1592 New
2099 2564 55 1810 York,
2117 2439 29 1935 who

2185 4318 29 31 was
2166 4124 61 225 deeply
2170 3827 46 522 interested
2170 3743 45 606 in
2184 3615 33 734 the
2171 3269 56 1080 institution,
2170 3041 49 1308 donated
2191 2972 28 1377 a
2171 2720 50 1629 hundred
2189 2442 34 1907 thousand

2243 4240 49 127 dollars
2259 4024 34 343 toward
2260 3898 33 469 the
2265 3658 27 709 erection
2266 3556 27 811 of
2265 3495 28 872 a
2267 3253 27 1114 campus
2248 2972 47 1395 building.
2250 2826 48 1541 The
2252 2574 59 1793 building
2272 2429 28 1938 was

2341 4251 28 114 named
2325 4039 59 326 "Seney
2325 3857 15 508 Hall"
2325 3784 44 581 in
2322 3673 48 692 his
2322 3468 50 897 honor.

2424 4112 45 102 Under
2437 4001 34 213 the
2441 3695 42 519 presidency
2442 3601 29 613 of
2427 3406 57 808 Bishop
2426 3170 46 1044 Warren
2428 3056 45 1158 A.
2429 2798 55 1416 Candler,
2447 2689 29 1525 one
2427 2444 51 1770 hundred

2514 4185 34 193 thousand
2500 3957 47 421 dollars
2518 3819 29 559 was
2518 3635 30 743 added
2516 3536 32 842 to
2518 3409 31 969 the
2521 3050 30 1328 endowment
2523 2954 27 1424 of
2520 2830 32 1548 the
2525 2582 28 1796 college.
2507 2437 48 1941 The

2579 4226 57 139 Library
2597 4086 27 279 was
2597 3876 28 489 erected
2596 3749 30 616 and
2599 3542 28 823 named
2581 3463 45 902 in
2578 3348 49 1017 his
2579 3139 49 1226 honor.

2680 4095 46 146 Science
2680 3932 44 309 Hall
2697 3804 27 437 was
2693 3691 33 550 the
2698 3533 28 708 next
2678 3284 61 957 building
2695 3193 33 1048 to
2680 3095 48 1146 be
2701 2876 38 1365 added,
2702 2737 28 1504 with
2686 2434 47 1807 William's

2757 4125 43 233 Gymnasium
2773 3922 30 436 added
2774 3702 29 656 several
2775 3544 28 814 years
2755 3373 49 985 later.

2858 4155 45 88 Since
2870 4052 34 191 the
2874 3850 29 393 college
2875 3728 28 515 was
2875 3542 29 701 named
2859 3473 45 770 in
2855 3285 49 958 honor
2877 3206 28 1037 of
2861 2921 46 1322 England's
2879 2767 28 1476 great
2881 2432 29 1811 educational

2936 4116 54 278 institution,
2948 4020 32 374 the
2948 3865 32 529 town
2952 3728 29 666 was
2954 3456 29 938 patterned
2954 3292 29 1102 after
2938 3038 55 1356 Oxford,
2939 2774 57 1620 England,
2958 2645 29 1749 with
2940 2429 57 1965 broad,

3032 4253 37 140 shady,
3029 4067 29 326 streets
3030 3959 29 434 and
3029 3750 29 643 quaint
3030 3654 29 739 old
3011 3432 49 961 homes.

3115 4213 46 32 Few
3131 4061 29 184 and
3114 3919 44 326 Phi
3114 3680 46 565 Gamma
3114 3414 47 831 Societies
3132 3256 30 989 were
3132 2965 30 1280 organized
3130 2869 34 1376 to
3131 2706 33 1539 train
3137 2437 31 1808 speakers

3210 4348 29 42 and
3207 4266 33 124 to
3209 4018 30 372 produce
3208 3800 30 590 orators
3208 3724 30 666 of
3205 3617 34 773 the
3206 3481 33 909 true
3211 3234 28 1156 southern
3207 2934 33 1456 tradition.

1958 2011 38 34 The
1961 1906 37 139 Old
1963 1665 46 380 Church,
1962 1484 40 561 located
1981 1404 22 641 on
1977 1297 28 748 the
1969 1098 38 947 Oxford
1972 842 46 1203 Campus,
1987 728 23 1317 was
1972 583 39 1462 built
1976 521 36 1524 in
1980 336 36 1709 1841.

2480 1898 60 144 Possibly
2500 1772 30 270 one
2501 1687 28 355 of
2497 1576 35 466 the
2502 1417 31 625 most
2490 1109 61 933 interesting
2511 909 29 1133 places
2513 827 29 1215 on
2511 702 33 1340 the
2500 494 61 1548 Emory
2504 222 48 1820 Campus

2557 2189 44 5 is
2569 2079 34 115 the
2575 1973 29 221 old
2561 1603 48 591 Confederate
2565 1280 47 914 Cemetery.
2569 1068 59 1126 Emory
2589 871 30 1323 closed
2576 760 46 1434 its
2574 581 50 1613 doors
2593 499 33 1695 to
2599 223 32 1971 students

2631 2058 62 119 during
2648 1944 35 233 the
2637 1799 47 378 War
2640 1557 46 620 Between
2655 1439 34 738 the
2645 1252 46 925 States
2664 1141 29 1036 and
2667 946 30 1231 served
2670 858 27 1319 as
2671 635 31 1542 soldiers
2674 359 43 1818 quarters,
2659 225 39 1952 hos¬

2729 2063 38 114 pitals,
2731 1960 29 217 and
2733 1876 27 301 as
2732 1831 28 346 a
2734 1619 31 558 storage
2737 1457 30 720 place
2719 1348 48 829 for
2720 1065 53 1112 household
2745 781 33 1396 valuables
2734 717 44 1460 in
2748 578 32 1599 this
2755 415 30 1762 area.
2741 236 61 1941 Many

2806 2007 30 185 students
2788 1884 49 308 left
2790 1771 49 421 for
2807 1657 35 535 the
2798 1294 50 898 Confederate
2819 1127 43 1065 army
2823 864 32 1328 without
2827 721 30 1471 even
2832 417 45 1775 returning
2816 228 53 1964 home

2879 2184 33 5 to
2885 2078 41 111 say
2886 1766 30 423 good-bye.
2873 1689 45 500 In
2881 1491 50 698 1866,
2890 1390 34 799 the
2896 1186 30 1003 school
2880 1060 48 1129 bell
2901 923 43 1266 rang
2904 716 41 1473 again,
2909 606 30 1583 and
2906 482 36 1707 the
2914 228 33 1961 struggle

2957 2184 34 5 to
2943 2028 50 161 build
2966 1970 28 219 a
2967 1805 29 384 great
2969 1611 29 578 school
2971 1491 29 698 was
2972 1220 33 969 resumed.

3046 2053 46 5 In
3053 1895 42 163 1919
3051 1690 59 368 Emory
3055 1460 47 598 College
3074 1264 30 794 moved
3073 1181 34 877 to
3062 1084 46 974 its
3082 863 31 1195 present
3069 629 49 1429 Atlanta
3091 483 40 1575 site,
3095 349 30 1709 with
3094 226 35 1832 the

3124 2039 47 124 Oxford
3127 1789 48 374 Campus
3128 1521 64 642 becoming
3153 1442 27 721 an
3152 1186 46 977 academy
3138 1072 50 1091 for
3156 967 35 1196 the
3163 648 35 1515 completion
3170 558 29 1605 of
3151 425 51 1738 high
3176 216 33 1947 school

3218 2147 30 41 and
3214 2034 36 154 the
3202 1895 50 293 first
3218 1778 36 410 two
3226 1612 31 576 years
3228 1538 29 650 of
3229 1307 35 881 college.
